@techreport{practical_guide_rbm,
    author = {Hinton, Geoffrey},
    journal = {UTML TR 2010-003},
    title = {{A Practical Guide to Training Restricted Boltzmann Machines}},
    url = {http://www.cs.toronto.edu/\~hinton/absps/guideTR.pdf},
    year = {2010}
}

@misc{toolbox-manual,
 author = {Vesanto, Juha and Himberg, Johan and Alhoniemi, Esa and Parhankangas, Juha},
 year={2000},
 title = {SOM Toolbox for Matlab 5},
 ignoreurl = {http://www.cis.hut.fi/somtoolbox/package/papers/techrep.pdf},
 howpublished = "\url{http://www.cis.hut.fi/somtoolbox/package/papers/techrep.pdf}"}
} 

